@ARTICLE{Quiroga:2007,
AUTHOR = {Quiroga, R. Quian},
TITLE   = {Spike sorting},
YEAR	= 2007,
JOURNAL	= Scholarpedia,
VOLUME  = 2,
NUMBER  = 12,
PAGES   = 3583
}

@misc{Miller1955,
    author = {Miller, G. A.},
    citeulike-article-id = {1372032},
    journal = {Information Theory in Psychology: Problems and Methods},
    keywords = {entropy, information},
    pages = {95--100},
    posted-at = {2007-06-08 08:11:33},
    priority = {0},
    title = {{Note on the bias of information estimates}},
    year = {1955}
}
